@Article{art1,
label = {7},
title = {Numerical Optimization},
author = {Jorge Nocedal AND
Stephen J. Wright},
journal = {
Springer-Verlag, New York},
year = {2006}
}

@Article{art2,
label = {2},
title = {The Convergence of a Class of Double-rank Minimization Algorithms 1. General Considerations},
author = {Charles G. Broyden},
journal = {IMA Journal of Applied Mathematics},
volume = {6},
year = {1970},
pages = {76-90},
month = {March},
note* = {note}
}

@Article{art3,
label = {3},
title = {The Convergence of a Class of Double-rank Minimization Algorithms: 2. The New Algorithm},
author = {Charles G. Broyden},
journal = {IMA Journal of Applied Mathematics},
volume = {6},
year = {1970},
pages = {222-231},
month = {September},
note* = {note}
}

@Article{art4,
label = {1},
title = {Quasi-Newton methods and their application to function minimisation},
author = {Charles G. Broyden},
journal = {Math. Comp.},
volume = {21},
year = {1967},
pages = {368-381},
month* = {-},
note* = {note}
}

@Article{art5,
label = {5},
title = {A Rapidly Convergent Descent Method for Minimization},
author = {Rodger Fletcher AND Michael J. D. Powell},
journal = {The Computer Journal},
volume = {6},
year = {1963},
pages = {163-168},
month = {August},
note* = {note}
}

@Article{art6,
label = {4},
title = {A new approach to variable metric algorithms},
author = {Rodger Fletcher},
journal = {The Computer Journal},
volume = {13},
year = {1970},
pages = {317-322},
month = {January},
note* = {note}
}

@Article{art7,
label = {8},
title = {An efficient method for finding the minimum of a function of several variables without calculating derivatives},
author = {Michael J. D. Powell},
journal = {The Computer Journal},
volume = {7},
year = {1964},
pages = {155-162},
month = {January},
note* = {note}
}

@Article{art8,
label = {9},
title = {The conjugate gradient method and trust regions in large scale optimization},
author = {Trond Steihaug},
journal = {SIAM J. NUMER. ANAL.},
volume = {20},
year = {1983},
pages = {626-637},
month = {June},
note* = {note}
}

@Article{art9,
label = {6},
title = {Quasi-Newton Methods, Motivation and Theory},
author = {John E. Dennis Jr AND Jorge J. Mor√©},
journal = {SIAM REVIEW},
volume = {19},
year = {1977},
pages = {46-89},
month = {January},
note* = {note}
}
